@article{Gnendiger:2017pys,
    author = "Gnendiger, C. and others",
    title = "{To ${d}$, or not to ${d}$: recent developments and comparisons of regularization schemes}",
    eprint = "1705.01827",
    archivePrefix = "arXiv",
    primaryClass = "hep-ph",
    reportNumber = "PSI-PR-17-06, ZU-TH-10-17, TUM-HEP-1081-17, IFIC-17-17, TIF-UNIMI-2017-4",
    doi = "10.1140/epjc/s10052-017-5023-2",
    journal = "Eur. Phys. J. C",
    volume = "77",
    number = "7",
    pages = "471",
    year = "2017"
}

@article{Callan:1969uq,
    author = "Callan, Curtis G., Jr. and Gross, David J.",
    title = "{High-energy electroproduction and the constitution of the electric current}",
    doi = "10.1103/PhysRevLett.22.156",
    journal = "Phys. Rev. Lett.",
    volume = "22",
    pages = "156--159",
    year = "1969"
}
