@article{Abate,
    author  = {Abate, J. and Valkó, P.},
    year    = {2004},
    month   = {06},
    pages   = {979 - 993},
    title   = {Multi‐precision Laplace transform inversion},
    volume  = {60},
    journal = {International Journal for Numerical Methods in Engineering},
    doi     = {10.1002/nme.995}
}
@article{AbdulKhalek:2019ihb,
    author        = {Abdul Khalek, Rabah and others},
    collaboration = {NNPDF},
    title         = {{Parton Distributions with Theory Uncertainties: General Formalism and First Phenomenological Studies}},
    eprint        = {1906.10698},
    archiveprefix = {arXiv},
    primaryclass  = {hep-ph},
    reportnumber  = {Edinburgh 2019/9, Nikhef/2019-014, TIF-UNIMI-2019-9 DAMTP-2019-24,
        CAVENDISH-HEP-19-11},
    doi           = {10.1140/epjc/s10052-019-7401-4},
    journal       = {Eur. Phys. J. C},
    volume        = {79},
    number        = {11},
    pages         = {931},
    year          = {2019}
}
@article{Ablinger_2014,
    title     = {The transition matrix element $A_{gq}(N)$ of the Variable Flavor Number Scheme at $O(\alpha_s^3)$},
    volume    = {882},
    issn      = {0550-3213},
    url       = {http://dx.doi.org/10.1016/j.nuclphysb.2014.02.007},
    doi       = {10.1016/j.nuclphysb.2014.02.007},
    journal   = {Nuclear Physics B},
    publisher = {Elsevier BV},
    author    = {Ablinger, J. and Blümlein, J. and De Freitas, A. and Hasselhuhn, A. and von Manteuffel, A. and Round, M. and Schneider, C. and Wißbrock, F.},
    year      = {2014},
    month     = {May},
    pages     = {263–288}
}
@article{Ablinger_2015,
    title     = {The 3-loop pure singlet heavy flavor contributions to the structure function F2(x,Q2) and the anomalous dimension},
    volume    = {890},
    issn      = {0550-3213},
    url       = {http://dx.doi.org/10.1016/j.nuclphysb.2014.10.008},
    doi       = {10.1016/j.nuclphysb.2014.10.008},
    journal   = {Nuclear Physics B},
    publisher = {Elsevier BV},
    author    = {Ablinger, J. and Behring, A. and Blümlein, J. and De Freitas, A. and von Manteuffel, A. and Schneider, C.},
    year      = {2015},
    month     = {Jan},
    pages     = {48–151}
}
@article{Ablinger:2010ty,
    author        = {Ablinger, J. and Blumlein, J. and Klein, S. and Schneider, C. and Wissbrock, F.},
    title         = {{The $O(\alpha_s^3)$ Massive Operator Matrix Elements of $O(n_f)$ for the Structure Function $F_2(x,Q^2)$ and Transversity}},
    eprint        = {1008.3347},
    archiveprefix = {arXiv},
    primaryclass  = {hep-ph},
    reportnumber  = {DESY-10-109, TTK-10-46, SFB-CPP-10-077, DESY-10--109, TTK--10--46, SFB-CPP-10--077},
    doi           = {10.1016/j.nuclphysb.2010.10.021},
    journal       = {Nucl. Phys. B},
    volume        = {844},
    pages         = {26--54},
    year          = {2011}
}
@phdthesis{Ablinger:2013hcp,
    author        = {Ablinger, Jakob},
    title         = {{Computer Algebra Algorithms for Special Functions in Particle Physics}},
    eprint        = {1305.0687},
    archiveprefix = {arXiv},
    primaryclass  = {math-ph},
    school        = {Linz U.},
    month         = {4},
    year          = {2012}
}
@article{Ablinger:2014uka,
    author        = {Ablinger, J. and Bl\"umlein, J. and De Freitas, A. and Hasselhuhn, A. and von Manteuffel, A. and Round, M. and Schneider, C.},
    title         = {{The $O(\alpha_s^3 T_F^2)$ Contributions to the Gluonic Operator Matrix Element}},
    eprint        = {1405.4259},
    archiveprefix = {arXiv},
    primaryclass  = {hep-ph},
    reportnumber  = {DESY-14-018, DO-TH-14-04, MITP-14-019, SFB-CPP-14-24, LPN-14-069, HIGGSTOOLS-14-006, DO-TH 14/04, MITP/14-019, SFB/CPP-14-24, LPN 14-069, Higgstools 14-006},
    doi           = {10.1016/j.nuclphysb.2014.05.028},
    journal       = {Nucl. Phys. B},
    volume        = {885},
    pages         = {280--317},
    year          = {2014}
}
@article{Ablinger:2014vwa,
    author        = {Ablinger, J. and Behring, A. and Bl\"umlein, J. and De Freitas, A. and Hasselhuhn, A. and von Manteuffel, A. and Round, M. and Schneider, C. and Wi\ss{}brock, F.},
    title         = {{The 3-Loop Non-Singlet Heavy Flavor Contributions and Anomalous Dimensions for the Structure Function $F_2(x,Q^2)$ and Transversity}},
    eprint        = {1406.4654},
    archiveprefix = {arXiv},
    primaryclass  = {hep-ph},
    reportnumber  = {DESY-13--210, DO--TH-13-11, MITP-14-028, SFB-CPP-14-26, LPN-14-074},
    doi           = {10.1016/j.nuclphysb.2014.07.010},
    journal       = {Nucl. Phys. B},
    volume        = {886},
    pages         = {733--823},
    year          = {2014}
}
@article{Baikov:2016tgj,
    author        = {Baikov, P. A. and Chetyrkin, K. G. and Kühn, J. H.},
    title         = {{Five-Loop Running of the QCD coupling constant}},
    journal       = {Phys. Rev. Lett.},
    volume        = {118},
    year          = {2017},
    number        = {8},
    pages         = {082002},
    doi           = {10.1103/PhysRevLett.118.082002},
    eprint        = {1606.08659},
    archiveprefix = {arXiv},
    primaryclass  = {hep-ph},
    reportnumber  = {TTP16-026},
    slaccitation  = {%%CITATION = ARXIV:1606.08659;%%}
}
@article{Ball_2016,
    title     = {Intrinsic charm in a matched general-mass scheme},
    volume    = {754},
    issn      = {0370-2693},
    url       = {http://dx.doi.org/10.1016/j.physletb.2015.12.077},
    doi       = {10.1016/j.physletb.2015.12.077},
    journal   = {Physics Letters B},
    publisher = {Elsevier BV},
    author    = {Ball, Richard D. and Bertone, Valerio and Bonvini, Marco and Forte, Stefano and Groth Merrild, Patrick and Rojo, Juan and Rottoli, Luca},
    year      = {2016},
    month     = {Mar},
    pages     = {49–58}
}
@article{Ball:2015dpa,
    author        = {Ball, Richard D. and Bonvini, Marco and Rottoli, Luca},
    title         = {{Charm in Deep-Inelastic Scattering}},
    eprint        = {1510.02491},
    archiveprefix = {arXiv},
    primaryclass  = {hep-ph},
    reportnumber  = {EDINBURGH-2015-06, CERN-PH-TH-2015-118, OUTP-15-25P},
    doi           = {10.1007/JHEP11(2015)122},
    journal       = {JHEP},
    volume        = {11},
    pages         = {122},
    year          = {2015}
}
@article{Behring:2014eya,
    author        = {Behring, A. and Bierenbaum, I. and Bl\"umlein, J. and De Freitas, A. and Klein, S. and Wi\ss{}brock, F.},
    title         = {{The logarithmic contributions to the $O(\alpha^3_s)$ asymptotic massive Wilson coefficients and operator matrix elements in deeply inelastic scattering}},
    eprint        = {1403.6356},
    archiveprefix = {arXiv},
    primaryclass  = {hep-ph},
    reportnumber  = {DESY-11-144, DO-TH-13-33, SFB-CPP-14-002, LPN-14-002, HIGGSTOOLS-14-003, DESY-11--144, SFB-CPP-14--002, LPN-14--002, HIGGSTOOLS --14--003},
    doi           = {10.1140/epjc/s10052-014-3033-x},
    journal       = {Eur. Phys. J. C},
    volume        = {74},
    number        = {9},
    pages         = {3033},
    year          = {2014}
}
@article{Bierenbaum:2009mv,
    author        = {Bierenbaum, Isabella and Blumlein, Johannes and Klein, Sebastian},
    title         = {{Mellin Moments of the O(alpha**3(s)) Heavy Flavor Contributions to unpolarized Deep-Inelastic Scattering at Q**2 \ensuremath{>}\ensuremath{>} m**2 and Anomalous Dimensions}},
    eprint        = {0904.3563},
    archiveprefix = {arXiv},
    primaryclass  = {hep-ph},
    reportnumber  = {DESY-09-057, SFB-CPP-09-033, IFIC-09-16},
    doi           = {10.1016/j.nuclphysb.2009.06.005},
    journal       = {Nucl. Phys. B},
    volume        = {820},
    pages         = {417--482},
    year          = {2009}
}
@article{Bierenbaum:2009zt,
    author        = {Bierenbaum, Isabella and Blumlein, Johannes and Klein, Sebastian},
    title         = {{The Gluonic Operator Matrix Elements at O(alpha(s)**2) for DIS Heavy Flavor Production}},
    eprint        = {0901.0669},
    archiveprefix = {arXiv},
    primaryclass  = {hep-ph},
    reportnumber  = {DESY-08-187, SFB-CPP-08-107, IFIC-08-68},
    doi           = {10.1016/j.physletb.2009.01.057},
    journal       = {Phys. Lett. B},
    volume        = {672},
    pages         = {401--406},
    year          = {2009}
}
@article{Blumlein_2000,
    title     = {Analytic continuation of Mellin transforms up to two-loop order},
    volume    = {133},
    issn      = {0010-4655},
    url       = {http://dx.doi.org/10.1016/S0010-4655(00)00156-9},
    doi       = {10.1016/s0010-4655(00)00156-9},
    number    = {1},
    journal   = {Computer Physics Communications},
    publisher = {Elsevier BV},
    author    = {Blümlein, Johannes},
    year      = {2000},
    month     = {Dec},
    pages     = {76–104}
}
@article{Blumlein:1998if,
    author        = {Blümlein, Johannes and Kurth, Stefan},
    title         = {{Harmonic sums and Mellin transforms up to two loop order}},
    eprint        = {hep-ph/9810241},
    archiveprefix = {arXiv},
    reportnumber  = {DESY-98-141},
    doi           = {10.1103/PhysRevD.60.014018},
    journal       = {Phys. Rev. D},
    volume        = {60},
    pages         = {014018},
    year          = {1999}
}
@article{Blumlein:2009ta,
    author        = {Blumlein, Johannes},
    title         = {{Structural Relations of Harmonic Sums and Mellin Transforms up to Weight w = 5}},
    eprint        = {0901.3106},
    archiveprefix = {arXiv},
    primaryclass  = {hep-ph},
    reportnumber  = {DESY-07-042, SFB-CPP-09-05},
    doi           = {10.1016/j.cpc.2009.07.004},
    journal       = {Comput. Phys. Commun.},
    volume        = {180},
    pages         = {2218--2249},
    year          = {2009}
}
@article{Blumlein:2017wxd,
    author        = {Bl\"umlein, Johannes and Ablinger, Jakob and Behring, Arnd and De Freitas, Abilio and von Manteuffel, Andreas and Schneider, Carsten and Schneider, C.},
    title         = {{Heavy Flavor Wilson Coefficients in Deep-Inelastic Scattering: Recent Results}},
    eprint        = {1711.07957},
    archiveprefix = {arXiv},
    primaryclass  = {hep-ph},
    reportnumber  = {DESY-17-199, DO-TH-17-33, TTK-17-39, MSUHEP-17-020},
    doi           = {10.22323/1.308.0031},
    journal       = {PoS},
    volume        = {QCDEV2017},
    pages         = {031},
    year          = {2017}
}
@phdthesis{Bonvini:2012sh,
    author        = {Bonvini, Marco},
    title         = {{Resummation of soft and hard gluon radiation in perturbative QCD}},
    eprint        = {1212.0480},
    archiveprefix = {arXiv},
    primaryclass  = {hep-ph},
    school        = {Genoa U.},
    year          = {2012}
}
@article{Buckley:2014ana,
    author        = {Buckley, Andy and Ferrando, James and Lloyd, Stephen and Nordstr\"om, Karl and Page, Ben and R\"ufenacht, Martin and Sch\"onherr, Marek and Watt, Graeme},
    title         = {{LHAPDF6: parton density access in the LHC precision era}},
    eprint        = {1412.7420},
    archiveprefix = {arXiv},
    primaryclass  = {hep-ph},
    reportnumber  = {GLAS-PPE-2014-05, MCNET-14-29, IPPP-14-111, DCPT-14-222},
    doi           = {10.1140/epjc/s10052-015-3318-8},
    journal       = {Eur. Phys. J. C},
    volume        = {75},
    pages         = {132},
    year          = {2015}
}
@article{Buza_1998,
    title     = {Charm electroproduction viewed in the variable-flavour number scheme versus fixed-order perturbation theory},
    volume    = {1},
    issn      = {1434-6052},
    url       = {http://dx.doi.org/10.1007/BF01245820},
    doi       = {10.1007/bf01245820},
    number    = {1-2},
    journal   = {The European Physical Journal C},
    publisher = {Springer Science and Business Media LLC},
    author    = {Buza, M. and Matiounine, Y. and Smith, J. and van Neerven, W. L.},
    year      = {1998},
    month     = {Mar},
    pages     = {301–320}
}
@article{Cafarella_2008,
    title     = {Precision studies of the NNLO DGLAP evolution at the LHC with Candia},
    volume    = {179},
    issn      = {0010-4655},
    url       = {http://dx.doi.org/10.1016/j.cpc.2008.06.004},
    doi       = {10.1016/j.cpc.2008.06.004},
    number    = {9},
    journal   = {Computer Physics Communications},
    publisher = {Elsevier BV},
    author    = {Cafarella, Alessandro and Corianò, Claudio and Guzzi, Marco},
    year      = {2008},
    month     = {Nov},
    pages     = {665–684}
}
@article{Candido:2020yat,
    author        = {Candido, Alessandro and Forte, Stefano and Hekhorn, Felix},
    title         = {{Can $ \overline{\mathrm{MS}} $ parton distributions be negative?}},
    eprint        = {2006.07377},
    archiveprefix = {arXiv},
    primaryclass  = {hep-ph},
    reportnumber  = {TIF-UNIMI-2020-9},
    doi           = {10.1007/JHEP11(2020)129},
    journal       = {JHEP},
    volume        = {11},
    pages         = {129},
    year          = {2020}
}
@article{Carrazza_2020,
    title     = {PineAPPL: combining EW and QCD corrections for fast evaluation of LHC processes},
    volume    = {2020},
    issn      = {1029-8479},
    url       = {http://dx.doi.org/10.1007/JHEP12(2020)108},
    doi       = {10.1007/jhep12(2020)108},
    number    = {12},
    journal   = {Journal of High Energy Physics},
    publisher = {Springer Science and Business Media LLC},
    author    = {Carrazza, S. and Nocera, E. R. and Schwan, C. and Zaro, M.},
    year      = {2020},
    month     = {Dec}
}

@article{Chetyrkin:2005ia,
    author        = {Chetyrkin, K.G. and Kuhn, Johann H. and Sturm, Christian},
    title         = {{QCD decoupling at four loops}},
    eprint        = {hep-ph/0512060},
    archiveprefix = {arXiv},
    reportnumber  = {SFB-CPP-05-80, TTP05-27},
    doi           = {10.1016/j.nuclphysb.2006.03.020},
    journal       = {Nucl. Phys. B},
    volume        = {744},
    pages         = {121--135},
    year          = {2006}
}

@article{Dittmar:2005ed,
    author        = {Dittmar, M. and others},
    title         = {{Working Group I: Parton distributions: Summary report
        for the HERA LHC Workshop Proceedings}},
    journal       = {{WGI}},
    year          = {2005},
    eprint        = {hep-ph/0511119},
    archiveprefix = {arXiv},
    primaryclass  = {hep-ph},
    reportnumber  = {FERMILAB-CONF-05-586-E, IFUM-853-FT},
    slaccitation  = {%%CITATION = HEP-PH/0511119;%%}
}

@article{Forte:2010ta,
    author        = {Forte, Stefano and Laenen, Eric and Nason, Paolo and Rojo, Juan},
    title         = {{Heavy quarks in deep-inelastic scattering}},
    eprint        = {1001.2312},
    archiveprefix = {arXiv},
    primaryclass  = {hep-ph},
    reportnumber  = {IFUM-949-FT, NIKHEF-2010-001, ITP-UU-10-03, ITFA-2010-01},
    doi           = {10.1016/j.nuclphysb.2010.03.014},
    journal       = {Nucl. Phys. B},
    volume        = {834},
    pages         = {116--162},
    year          = {2010}
}


@inproceedings{Giele:2002hx,
    author        = {Giele, W. and others},
    title         = {{The QCD / SM working group: Summary report}},
    booktitle     = {{2nd Les Houches Workshop on Physics at TeV Colliders}},
    eprint        = {hep-ph/0204316},
    archiveprefix = {arXiv},
    reportnumber  = {FERMILAB-CONF-02-410},
    pages         = {275--426},
    month         = {4},
    year          = {2002}
}

@article{Gluck:1989ze,
    author       = {Glück, M. and Reya, E. and Vogt, A.},
    title        = {{Radiatively generated parton distributions for high-energy collisions}},
    reportnumber = {DO-TH-89/20},
    doi          = {10.1007/BF01572029},
    journal      = {Z. Phys. C},
    volume       = {48},
    pages        = {471--482},
    year         = {1990}
}

@article{Hahn:2016ebn,
    author        = {Hahn, Thomas and Paßehr, Sebastian and Schappacher, Christian},
    editor        = {Salinas, Luis and Torres, Claudio},
    title         = {{FormCalc 9 and Extensions}},
    eprint        = {1604.04611},
    archiveprefix = {arXiv},
    primaryclass  = {hep-ph},
    reportnumber  = {DESY-16-060, MPP-2016-63},
    doi           = {10.1088/1742-6596/762/1/012065},
    journal       = {PoS},
    volume        = {LL2016},
    pages         = {068},
    year          = {2016}
}

@article{Herzog:2017ohr,
    author        = {Herzog, F. and Ruijl, B. and Ueda, T. and Vermaseren, J.
        A. M. and Vogt, A.},
    title         = {{The five-loop beta function of Yang-Mills theory with
        fermions}},
    journal       = {JHEP},
    volume        = {02},
    year          = {2017},
    pages         = {090},
    doi           = {10.1007/JHEP02(2017)090},
    eprint        = {1701.01404},
    archiveprefix = {arXiv},
    primaryclass  = {hep-ph},
    reportnumber  = {NIKHEF-2017-001, LTH-1117},
    slaccitation  = {%%CITATION = ARXIV:1701.01404;%%}
}

@article{KOLBIG1972221,
    title   = {Programs for computing the logarithm of the gamma function, and the digamma function, for complex argument},
    journal = {Computer Physics Communications},
    volume  = {4},
    number  = {2},
    pages   = {221 - 226},
    year    = {1972},
    issn    = {0010-4655},
    doi     = {https://doi.org/10.1016/0010-4655(72)90012-4},
    url     = {http://www.sciencedirect.com/science/article/pii/0010465572900124},
    author  = {K.S. Kölbig}
}

@article{Luthe:2016ima,
    author        = {Luthe, Thomas and Maier, Andreas and Marquard, Peter and
        Schröder, York},
    title         = {{Towards the five-loop Beta function for a general gauge
        group}},
    journal       = {JHEP},
    volume        = {07},
    year          = {2016},
    pages         = {127},
    doi           = {10.1007/JHEP07(2016)127},
    eprint        = {1606.08662},
    archiveprefix = {arXiv},
    primaryclass  = {hep-ph},
    reportnumber  = {TTP16-025, IPPP-16-57, DESY-16-117},
    slaccitation  = {%%CITATION = ARXIV:1606.08662;%%}
}

@article{Moch:2004pa,
    author        = {Moch, S. and Vermaseren, J. A. M. and Vogt, A.},
    title         = {{The Three loop splitting functions in QCD: The
        Nonsinglet case}},
    journal       = {Nucl. Phys.},
    volume        = {B688},
    year          = {2004},
    pages         = {101-134},
    doi           = {10.1016/j.nuclphysb.2004.03.030},
    eprint        = {hep-ph/0403192},
    archiveprefix = {arXiv},
    primaryclass  = {hep-ph},
    reportnumber  = {DESY-04-047, SFB-CPP-04-09, NIKHEF-04-001},
    slaccitation  = {%%CITATION = HEP-PH/0403192;%%}
}

@phdthesis{MuselliPhD,
    author = {Muselli, Claudio},
    title  = {{Resummations of Transverse Momentum Distributions}},
    doi    = {10.13130/muselli-claudio_phd2017-12-01},
    school = {Università degli studi di Milano, Dipartimento di Fisica},
    year   = {2017}
}

@article{RuizArriola:1998er,
    author  = {Ruiz Arriola, E.},
    title   = {{NLO evolution for large scale distances, positivity constraints and the low-energy model of the nucleon}},
    doi     = {10.1016/S0375-9474(98)00489-8},
    journal = {Nucl. Phys. A},
    volume  = {641},
    pages   = {461--475},
    year    = {1998}
}

@article{Schroder:2005hy,
    author        = {Schroder, Y. and Steinhauser, M.},
    title         = {{Four-loop decoupling relations for the strong coupling}},
    eprint        = {hep-ph/0512058},
    archiveprefix = {arXiv},
    reportnumber  = {BI-TP-2005-44, SFB-CPP-05-70, TTP05-21},
    doi           = {10.1088/1126-6708/2006/01/051},
    journal       = {JHEP},
    volume        = {01},
    pages         = {051},
    year          = {2006}
}
@article{Vogt:2004mw,
    author        = {Vogt, A. and Moch, S. and Vermaseren, J. A. M.},
    title         = {{The Three-loop splitting functions in QCD: The Singlet
        case}},
    journal       = {Nucl. Phys.},
    volume        = {B691},
    year          = {2004},
    pages         = {129-181},
    doi           = {10.1016/j.nuclphysb.2004.04.024},
    eprint        = {hep-ph/0404111},
    archiveprefix = {arXiv},
    primaryclass  = {hep-ph},
    reportnumber  = {NIKHEF-04-004, DESY-04-060, SFB-CPP-04-12},
    slaccitation  = {%%CITATION = HEP-PH/0404111;%%}
}

@article{Vogt:2004ns,
    author        = {Vogt, A.},
    archiveprefix = {arXiv},
    doi           = {10.1016/j.cpc.2005.03.103},
    eprint        = {hep-ph/0408244},
    journal       = {Comput. Phys. Commun.},
    pages         = {65--92},
    reportnumber  = {NIKHEF-04-011},
    title         = {{Efficient evolution of unpolarized and polarized parton distributions with QCD-PEGASUS}},
    volume        = {170},
    year          = {2005}
}
@article{Altarelli:1977zs,
    author       = {Altarelli, Guido and Parisi, G.},
    title        = {{Asymptotic Freedom in Parton Language}},
    journal      = {Nucl. Phys.},
    volume       = {B126},
    year         = {1977},
    pages        = {298-318},
    doi          = {10.1016/0550-3213(77)90384-4},
    reportnumber = {LPTENS-77-6},
    slaccitation = {%%CITATION = NUPHA,B126,298;%%}
}
@article{Ball:2008by,
    author        = {Ball, Richard D. and Del Debbio, Luigi and Forte, Stefano and Guffanti, Alberto and Latorre, Jose I. and Piccione, Andrea and Rojo, Juan and Ubiali, Maria},
    collaboration = {NNPDF},
    title         = {{A Determination of parton distributions with faithful uncertainty estimation}},
    eprint        = {0808.1231},
    archiveprefix = {arXiv},
    primaryclass  = {hep-ph},
    reportnumber  = {EDINBURGH-2008-25, IFUM-923-FT, FREIBURG-2008-08},
    doi           = {10.1016/j.nuclphysb.2008.09.037},
    journal       = {Nucl. Phys. B},
    volume        = {809},
    pages         = {1--63},
    year          = {2009},
    note          = {[Erratum: Nucl.Phys.B 816, 293 (2009)]}
}
@article{Ball:2010de,
    author        = {Ball, Richard D. and Del Debbio, Luigi and Forte, Stefano and Guffanti, Alberto and Latorre, Jose I. and Rojo, Juan and Ubiali, Maria},
    title         = {{A first unbiased global NLO determination of parton distributions and their uncertainties}},
    eprint        = {1002.4407},
    archiveprefix = {arXiv},
    primaryclass  = {hep-ph},
    reportnumber  = {EDINBURGH-2010-05, IFUM-952-FT, FR-PHENO-2010-014, CP3-10-08},
    doi           = {10.1016/j.nuclphysb.2010.05.008},
    journal       = {Nucl. Phys. B},
    volume        = {838},
    pages         = {136--206},
    year          = {2010}
}
@article{Bertone:2013vaa,
    author        = {Bertone, Valerio and Carrazza, Stefano and Rojo, Juan},
    title         = {{APFEL: A PDF Evolution Library with QED corrections}},
    eprint        = {1310.1394},
    archiveprefix = {arXiv},
    primaryclass  = {hep-ph},
    reportnumber  = {IFUM-1015-FT, CERN-PH-TH-2013-209},
    doi           = {10.1016/j.cpc.2014.03.007},
    journal       = {Comput. Phys. Commun.},
    volume        = {185},
    pages         = {1647--1668},
    year          = {2014}
}
@article{Botje:2010ay,
    author        = {Botje, M.},
    title         = {{QCDNUM: Fast QCD Evolution and Convolution}},
    journal       = {Comput.Phys.Commun.},
    volume        = {182},
    pages         = {490-532},
    doi           = {10.1016/j.cpc.2010.10.020},
    year          = {2011},
    eprint        = {1005.1481},
    archiveprefix = {arXiv},
    primaryclass  = {hep-ph},
    reportnumber  = {NIKHEF-10-002},
    slaccitation  = {%%CITATION = ARXIV:1005.1481;%%}
}
@inproceedings{Britzger:2012bs,
    author        = {Britzger, Daniel and Rabbertz, Klaus and Stober, Fred and Wobisch, Markus},
    collaboration = {fastNLO},
    title         = {{New features in version 2 of the fastNLO project}},
    booktitle     = {{20th International Workshop on Deep-Inelastic Scattering and Related Subjects}},
    eprint        = {1208.3641},
    archiveprefix = {arXiv},
    primaryclass  = {hep-ph},
    doi           = {10.3204/DESY-PROC-2012-02/165},
    pages         = {217--221},
    year          = {2012}
}
@article{Buckley:2011ms,
    author        = {Buckley, Andy and others},
    title         = {{General-purpose event generators for LHC physics}},
    eprint        = {1101.2599},
    archiveprefix = {arXiv},
    primaryclass  = {hep-ph},
    reportnumber  = {CAVENDISH-HEP-10-21, CERN-PH-TH-2010-298, DCPT-10-202, IPPP-10-101, KA-TP-40-2010, LU-TP-10-28, MAN-HEP-2010-23, SLAC-PUB-14333, HD-THEP-10-24, MCNET-11-01},
    doi           = {10.1016/j.physrep.2011.03.005},
    journal       = {Phys. Rept.},
    volume        = {504},
    pages         = {145--233},
    year          = {2011}
}
@article{Carli:2010rw,
    author        = {Carli, Tancredi and Clements, Dan and Cooper-Sarkar, Amanda and Gwenlan, Claire and Salam, Gavin P. and Siegert, Frank and Starovoitov, Pavel and Sutton, Mark},
    title         = {{A posteriori inclusion of parton density functions in NLO QCD final-state calculations at hadron colliders: The APPLGRID Project}},
    eprint        = {0911.2985},
    archiveprefix = {arXiv},
    primaryclass  = {hep-ph},
    doi           = {10.1140/epjc/s10052-010-1255-0},
    journal       = {Eur. Phys. J. C},
    volume        = {66},
    pages         = {503--524},
    year          = {2010}
}
@article{Carrazza:2020gss,
    author        = {Carrazza, S. and Nocera, E. R. and Schwan, C. and Zaro, M.},
    title         = {{PineAPPL: combining EW and QCD corrections for fast evaluation of LHC processes}},
    eprint        = {2008.12789},
    archiveprefix = {arXiv},
    primaryclass  = {hep-ph},
    doi           = {10.1007/JHEP12(2020)108},
    journal       = {JHEP},
    volume        = {12},
    pages         = {108},
    year          = {2020}
}
@article{DelDebbio:2007ee,
    author        = {Del Debbio, Luigi and Forte, Stefano and Latorre, Jose I. and Piccione, Andrea and Rojo, Joan},
    collaboration = {NNPDF},
    title         = {{Neural network determination of parton distributions: The Nonsinglet case}},
    eprint        = {hep-ph/0701127},
    archiveprefix = {arXiv},
    reportnumber  = {UB-ECM-PF-06-17, IFUM-882-FT, GEF-TH-01-2007},
    doi           = {10.1088/1126-6708/2007/03/039},
    journal       = {JHEP},
    volume        = {03},
    pages         = {039},
    year          = {2007}
}
@article{Diehl:2021gvs,
    author = "Diehl, Markus and Nagar, Riccardo and Tackmann, Frank J.",
    title = "{ChiliPDF: Chebyshev interpolation for parton distributions}",
    eprint = "2112.09703",
    archivePrefix = "arXiv",
    primaryClass = "hep-ph",
    reportNumber = "DESY 19-110",
    doi = "10.1140/epjc/s10052-022-10223-1",
    journal = "Eur. Phys. J. C",
    volume = "82",
    number = "3",
    pages = "257",
    year = "2022"
}
@article{Dokshitzer:1977sg,
    author       = {Dokshitzer, Yuri L.},
    title        = {{Calculation of the Structure Functions for Deep
        Inelastic Scattering and e+ e- Annihilation by
            Perturbation Theory in Quantum Chromodynamics.}},
    journal      = {Sov. Phys. JETP},
    volume       = {46},
    year         = {1977},
    pages        = {641-653},
    note         = {[Zh. Eksp. Teor. Fiz.73,1216(1977)]},
    slaccitation = {%%CITATION = SPHJA,46,641;%%}
}
@article{Gribov:1972ri,
    author       = {Gribov, V. N. and Lipatov, L. N.},
    title        = {{Deep inelastic e p scattering in perturbation theory}},
    journal      = {Sov. J. Nucl. Phys.},
    volume       = {15},
    year         = {1972},
    pages        = {438-450},
    note         = {[Yad. Fiz.15,781(1972)]},
    reportnumber = {IPTI-381-71},
    slaccitation = {%%CITATION = SJNCA,15,438;%%}
}
@article{Moch:2021qrk,
    author = "Moch, S. and Ruijl, B. and Ueda, T. and Vermaseren, J. A. M. and Vogt, A.",
    title = "{Low moments of the four-loop splitting functions in QCD}",
    eprint = "2111.15561",
    archivePrefix = "arXiv",
    primaryClass = "hep-ph",
    reportNumber = "DESY 21-203, NIKHEF 21-030, LTH 1282",
    doi = "10.1016/j.physletb.2021.136853",
    journal = "Phys. Lett. B",
    volume = "825",
    pages = "136853",
    year = "2022"
}

@article{Salam:2008qg,
    author        = {Salam, Gavin P. and Rojo, Juan},
    title         = {{A Higher Order Perturbative Parton Evolution Toolkit
        (HOPPET)}},
    journal       = {Comput. Phys. Commun.},
    volume        = {180},
    year          = {2009},
    pages         = {120-156},
    eprint        = {0804.3755},
    archiveprefix = {arXiv},
    primaryclass  = {hep-ph},
    doi           = {10.1016/j.cpc.2008.08.010},
    slaccitation  = {%%CITATION = 0804.3755;%%}
}

@article{Alekhin:2010sv,
    author        = {Alekhin, S. and Moch, S.},
    title         = {{Heavy-quark deep-inelastic scattering with a running mass}},
    eprint        = {1011.5790},
    archiveprefix = {arXiv},
    primaryclass  = {hep-ph},
    reportnumber  = {DESY-10-212},
    doi           = {10.1016/j.physletb.2011.04.026},
    journal       = {Phys. Lett. B},
    volume        = {699},
    pages         = {345--353},
    year          = {2011}
}

@article{Ball:2016neh,
    author        = {Ball, Richard D. and Bertone, Valerio and Bonvini, Marco and Carrazza, Stefano and Forte, Stefano and Guffanti, Alberto and Hartland, Nathan P. and Rojo, Juan and Rottoli, Luca},
    collaboration = {NNPDF},
    title         = {{A Determination of the Charm Content of the Proton}},
    eprint        = {1605.06515},
    archiveprefix = {arXiv},
    primaryclass  = {hep-ph},
    reportnumber  = {EDINBURGH-2016-06, CERN-TH-2016-087, OUTP-16-03P, TIF-UNIMI-2016-3},
    doi           = {10.1140/epjc/s10052-016-4469-y},
    journal       = {Eur. Phys. J. C},
    volume        = {76},
    number        = {11},
    pages         = {647},
    year          = {2016}
}

@article{NNPDF:2021njg,
    author = "Ball, Richard D. and others",
    collaboration = "NNPDF",
    title = "{The path to proton structure at 1\% accuracy}",
    eprint = "2109.02653",
    archivePrefix = "arXiv",
    primaryClass = "hep-ph",
    reportNumber = "Edinburgh 2021/12, Nikhef-2021-013, TIF-UNIMI-2021-11",
    doi = "10.1140/epjc/s10052-022-10328-7",
    journal = "Eur. Phys. J. C",
    volume = "82",
    number = "5",
    pages = "428",
    year = "2022"
}

@article{LHCHiggsCrossSectionWorkingGroup:2016ypw,
    author        = {de Florian, D. and others},
    collaboration = {LHC Higgs Cross Section Working Group},
    title         = {{Handbook of LHC Higgs Cross Sections: 4. Deciphering the Nature of the Higgs Sector}},
    eprint        = {1610.07922},
    archiveprefix = {arXiv},
    primaryclass  = {hep-ph},
    reportnumber  = {CERN-2017-002-M, CERN-2017-002},
    doi           = {10.23731/CYRM-2017-002},
    volume        = {2/2017},
    month         = {10},
    year          = {2016}
}


@article{Ball:2022qks,
    author = "Ball, Richard D. and Candido, Alessandro and Cruz-Martinez, Juan and Forte, Stefano and Giani, Tommaso and Hekhorn, Felix and Kudashkin, Kirill and Magni, Giacomo and Rojo, Juan",
    collaboration = "NNPDF",
    title = "{Evidence for intrinsic charm quarks in the proton}",
    eprint = "2208.08372",
    archivePrefix = "arXiv",
    primaryClass = "hep-ph",
    reportNumber = "Nikhef 2021-032, Edinburgh 2021/28, TIF-UNIMI-2021-21",
    doi = "10.1038/s41586-022-04998-2",
    journal = "Nature",
    volume = "608",
    number = "7923",
    pages = "483--487",
    year = "2022"
}

@misc{yadism,
    author       = {Candido, Alessandro and Hekhorn, Felix and others},
    title        = {{\yadism: Yet Another DIS module}},
    howpublished = {{in preparation}}
}

@article{Gao:2017yyd,
    author        = {Gao, Jun and Harland-Lang, Lucian and Rojo, Juan},
    title         = {{The Structure of the Proton in the LHC Precision Era}},
    journal       = {Phys. Rept.},
    volume        = {742},
    year          = {2018},
    pages         = {1-121},
    doi           = {10.1016/j.physrep.2018.03.002},
    eprint        = {1709.04922},
    archiveprefix = {arXiv},
    primaryclass  = {hep-ph},
    slaccitation  = {%%CITATION = ARXIV:1709.04922;%%}
}
@article{Vogt:2008yw,
    author        = {Vogt, A. and Moch, S. and Rogal, M. and Vermaseren, J. A. M.},
    editor        = {Blumlein, J. and Moch, S. and Riemann, T.},
    title         = {{Towards the NNLO evolution of polarised parton distributions}},
    eprint        = {0807.1238},
    archiveprefix = {arXiv},
    primaryclass  = {hep-ph},
    reportnumber  = {LTH-795, DESY-08-092},
    doi           = {10.1016/j.nuclphysbps.2008.09.097},
    journal       = {Nucl. Phys. B Proc. Suppl.},
    volume        = {183},
    pages         = {155--161},
    year          = {2008}
}

@article{Vogt:2014pha,
    author        = {Vogt, A. and Moch, S. and Vermaseren, J. A. M.},
    editor        = {Mende, Martina},
    title         = {{A calculation of the three-loop helicity-dependent splitting functions in QCD}},
    eprint        = {1405.3407},
    archiveprefix = {arXiv},
    primaryclass  = {hep-ph},
    reportnumber  = {LTH-1010, DESY-14-068, NIKHEF-2014-011, LPN-14-071},
    doi           = {10.22323/1.211.0040},
    journal       = {PoS},
    volume        = {LL2014},
    pages         = {040},
    year          = {2014}
}
@article{Mitov:2006ic,
    author        = {Mitov, A. and Moch, S. and Vogt, A.},
    title         = {{Next-to-Next-to-Leading Order Evolution of Non-Singlet Fragmentation Functions}},
    eprint        = {hep-ph/0604053},
    archiveprefix = {arXiv},
    reportnumber  = {DESY-06-036, DCPT-06-40, IPPP-06-20},
    doi           = {10.1016/j.physletb.2006.05.005},
    journal       = {Phys. Lett. B},
    volume        = {638},
    pages         = {61--67},
    year          = {2006}
}
@article{Moch:2007tx,
    author        = {Moch, S. and Vogt, A.},
    title         = {{On third-order timelike splitting functions and top-mediated Higgs decay into hadrons}},
    eprint        = {0709.3899},
    archiveprefix = {arXiv},
    primaryclass  = {hep-ph},
    reportnumber  = {DESY-07-155, SFB-CPP-07-53, LTH-758},
    doi           = {10.1016/j.physletb.2007.10.069},
    journal       = {Phys. Lett. B},
    volume        = {659},
    pages         = {290--296},
    year          = {2008}
}
@article{Almasy:2011eq,
    author        = {Almasy, A. A. and Moch, S. and Vogt, A.},
    title         = {{On the Next-to-Next-to-Leading Order Evolution of Flavour-Singlet Fragmentation Functions}},
    eprint        = {1107.2263},
    archiveprefix = {arXiv},
    primaryclass  = {hep-ph},
    reportnumber  = {LTH-916, DESY-11-108, SFB-CPP-11-33, LPN11-34},
    doi           = {10.1016/j.nuclphysb.2011.08.028},
    journal       = {Nucl. Phys. B},
    volume        = {854},
    pages         = {133--152},
    year          = {2012}
}
@article{NNPDF:2017mvq,
    author        = {Ball, Richard D. and others},
    collaboration = {NNPDF},
    title         = {{Parton distributions from high-precision collider data}},
    eprint        = {1706.00428},
    archiveprefix = {arXiv},
    primaryclass  = {hep-ph},
    reportnumber  = {EDINBURGH-2017-08, NIKHEF-2017-006, OUTP-17-04P, TIF-UNIMI-2017-3, CAVENDISH-HEP-17-06, CERN-TH-2017-077, Edinburgh 2017/08,
        Nikhef/2017-006, OUTP-17-04P,TIF-UNIMI-2017-3},
    doi           = {10.1140/epjc/s10052-017-5199-5},
    journal       = {Eur. Phys. J. C},
    volume        = {77},
    number        = {10},
    pages         = {663},
    year          = {2017}
}
@article{Hou:2019efy,
    author        = {Hou, Tie-Jiun and others},
    title         = {{New CTEQ global analysis of quantum chromodynamics with high-precision data from the LHC}},
    eprint        = {1912.10053},
    archiveprefix = {arXiv},
    primaryclass  = {hep-ph},
    reportnumber  = {MSUHEP-19-025, PITT-PACC-1911, SMU-HEP-19-03},
    doi           = {10.1103/PhysRevD.103.014013},
    journal       = {Phys. Rev. D},
    volume        = {103},
    number        = {1},
    pages         = {014013},
    year          = {2021}
}
@article{Bailey:2020ooq,
    author        = {Bailey, S. and Cridge, T. and Harland-Lang, L. A. and Martin, A. D. and Thorne, R. S.},
    title         = {{Parton distributions from LHC, HERA, Tevatron and fixed target data: MSHT20 PDFs}},
    eprint        = {2012.04684},
    archiveprefix = {arXiv},
    primaryclass  = {hep-ph},
    reportnumber  = {IPPP/20/58},
    doi           = {10.1140/epjc/s10052-021-09057-0},
    journal       = {Eur. Phys. J. C},
    volume        = {81},
    number        = {4},
    pages         = {341},
    year          = {2021}
}

@article{Vermaseren:1997fq,
    author        = {Vermaseren, J. A. M. and Larin, S. A. and van Ritbergen, T.},
    title         = {{The four loop quark mass anomalous dimension and the invariant quark mass}},
    eprint        = {hep-ph/9703284},
    archiveprefix = {arXiv},
    reportnumber  = {UM-TH-97-03, NIKHEF-97-012},
    doi           = {10.1016/S0370-2693(97)00660-6},
    journal       = {Phys. Lett. B},
    volume        = {405},
    pages         = {327--333},
    year          = {1997}
}
@article{Bertone:2017bme,
    author        = {Bertone, Valerio and Carrazza, Stefano and Hartland, Nathan P. and Rojo, Juan},
    collaboration = {NNPDF},
    title         = {{Illuminating the photon content of the proton within a global PDF analysis}},
    eprint        = {1712.07053},
    archiveprefix = {arXiv},
    primaryclass  = {hep-ph},
    reportnumber  = {Nikhef/2017-064, CERN-TH-2017-235, NIKHEF-2017-064},
    doi           = {10.21468/SciPostPhys.5.1.008},
    journal       = {SciPost Phys.},
    volume        = {5},
    number        = {1},
    pages         = {008},
    year          = {2018}
}
@article{Xie:2021equ,
    author = "Xie, Keping and Hobbs, T. J. and Hou, Tie-Jiun and Schmidt, Carl and Yan, Mengshi and Yuan, C. -P.",
    collaboration = "CTEQ-TEA",
    title = "{Photon PDF within the CT18 global analysis}",
    eprint = "2106.10299",
    archivePrefix = "arXiv",
    primaryClass = "hep-ph",
    reportNumber = "MSUHEP-21-013, PITT-PACC-2112, FERMILAB-PUB-21-370-QIS-SCD-T, SMU-HEP-21-06, SMU-HEP-21-06,
    FERMILAB-PUB-21-370-QIS-SCD-T",
    doi = "10.1103/PhysRevD.105.054006",
    journal = "Phys. Rev. D",
    volume = "105",
    number = "5",
    pages = "054006",
    year = "2022"
}
@article{Cridge:2021pxm,
    author = "Cridge, T. and Harland-Lang, L. A. and Martin, A. D. and Thorne, R. S.",
    title = "{QED parton distribution functions in the MSHT20 fit}",
    eprint = "2111.05357",
    archivePrefix = "arXiv",
    primaryClass = "hep-ph",
    reportNumber = "IPPP/21/44",
    doi = "10.1140/epjc/s10052-022-10028-2",
    journal = "Eur. Phys. J. C",
    volume = "82",
    number = "1",
    pages = "90",
    year = "2022"
}
@article{Duhr:2021vwj,
    author = "Duhr, Claude and Mistlberger, Bernhard",
    title = "{Lepton-pair production at hadron colliders at N$^{3}$LO in QCD}",
    eprint = "2111.10379",
    archivePrefix = "arXiv",
    primaryClass = "hep-ph",
    reportNumber = "BONN-TH-2021-12, SLAC-PUB-17632",
    doi = "10.1007/JHEP03(2022)116",
    journal = "JHEP",
    volume = "03",
    pages = "116",
    year = "2022"
}

@article{Bertone:2014zva,
    author        = {Bertone, Valerio and Frederix, Rikkert and Frixione, Stefano and Rojo, Juan and Sutton, Mark},
    title         = {{aMCfast: automation of fast NLO computations for PDF fits}},
    eprint        = {1406.7693},
    archiveprefix = {arXiv},
    primaryclass  = {hep-ph},
    reportnumber  = {CERN-PH-TH-2014-009, OUTP-14-10P},
    doi           = {10.1007/JHEP08(2014)166},
    journal       = {JHEP},
    volume        = {08},
    pages         = {166},
    year          = {2014}
}
@software{christopher_schwan_2022_5846421,
    author    = {Christopher Schwan and
        Alessandro Candido and
            Felix Hekhorn and
            Stefano Carrazza},
    title     = {N3PDF/pineappl: v0.5.0-beta.6},
    month     = jan,
    year      = 2022,
    publisher = {Zenodo},
    version   = {v0.5.0-beta.6},
    doi       = {10.5281/zenodo.5846421},
    url       = {https://doi.org/10.5281/zenodo.5846421}
}
@article{Blumlein:2021enk,
    author        = {Bl\"umlein, J. and Marquard, P. and Schneider, C. and Sch\"onwald, K.},
    title         = {{The three-loop unpolarized and polarized non-singlet anomalous dimensions from off shell operator matrix elements}},
    eprint        = {2107.06267},
    archiveprefix = {arXiv},
    primaryclass  = {hep-ph},
    reportnumber  = {DESY-21-104, DO\textendash{}TH 21/23, TTP 21\textendash{}024, RISC Report Series 21\textendash{}13, SAGEX\textendash{}21\textendash{}15, DESY 21--104,DO--TH 21/23,TTP 21--024,RISC Report Series
        21--13,SAGEX--21--15},
    doi           = {10.1016/j.nuclphysb.2021.115542},
    journal       = {Nucl. Phys. B},
    volume        = {971},
    pages         = {115542},
    year          = {2021}
}
@article{Blumlein:2021ryt,
    author        = {Bl\"umlein, J. and Marquard, P. and Schneider, C. and Sch\"onwald, K.},
    title         = {{The three-loop polarized singlet anomalous dimensions from off-shell operator matrix elements}},
    eprint        = {2111.12401},
    archiveprefix = {arXiv},
    primaryclass  = {hep-ph},
    reportnumber  = {DESY-21-192, DO--TH 21/31, TTP 21--052, RISC Report Series 21--19, SAGEX--21--36},
    doi           = {10.1007/JHEP01(2022)193},
    journal       = {JHEP},
    volume        = {01},
    pages         = {193},
    year          = {2022}
}
@article{Chetyrkin:2017bjc,
    author        = {Chetyrkin, K. G. and Falcioni, G. and Herzog, F. and Vermaseren, J. A. M.},
    title         = {{Five-loop renormalisation of QCD in covariant gauges}},
    eprint        = {1709.08541},
    archiveprefix = {arXiv},
    primaryclass  = {hep-ph},
    reportnumber  = {DESY-17-144, Nikhef-2017-42},
    doi           = {10.1007/JHEP10(2017)179},
    journal       = {JHEP},
    volume        = {10},
    pages         = {179},
    year          = {2017},
    note          = {[Addendum: JHEP 12, 006 (2017)]}
}
@article{Luthe:2017ttg,
    author        = {Luthe, Thomas and Maier, Andreas and Marquard, Peter and Schroder, York},
    title         = {{The five-loop Beta function for a general gauge group and anomalous dimensions beyond Feynman gauge}},
    eprint        = {1709.07718},
    archiveprefix = {arXiv},
    primaryclass  = {hep-ph},
    reportnumber  = {BI-TP-2017-13, DESY-17-142, IPPP-17-68},
    doi           = {10.1007/JHEP10(2017)166},
    journal       = {JHEP},
    volume        = {10},
    pages         = {166},
    year          = {2017}
}
@book{Peskin:1995ev,
    author    = {Peskin, Michael E. and Schroeder, Daniel V.},
    title     = {{An Introduction to quantum field theory}},
    isbn      = {978-0-201-50397-5},
    publisher = {Addison-Wesley},
    address   = {Reading, USA},
    year      = {1995}
}
@book{Ellis:1996mzs,
    author    = {Ellis, R. Keith and Stirling, W. James and Webber, B. R.},
    title     = {{QCD and collider physics}},
    doi       = {10.1017/CBO9780511628788},
    isbn      = {978-0-511-82328-2, 978-0-521-54589-1},
    publisher = {Cambridge University Press},
    volume    = {8},
    month     = {2},
    year      = {2011}
}
@article{zbMATH02662492,
    author   = {Runge, C.},
    title    = {{\"U}ber empirische {Funktionen} und die {Interpolation} zwischen {\"a}quidistanten {Ordinaten}.},
    fjournal = {(Schl{\"o}milch's) Zeitschrift f{\"u}r Mathematik und Physik},
    journal  = {Schl{\"o}milch Z.},
    volume   = {46},
    pages    = {224--243},
    year     = {1901},
    language = {German},
    keywords = {32E30,30E05,41A05},
    url      = {resolver.library.cornell.edu/math/2143852},
    zbmath   = {2662492},
    jfm      = {32.0272.02}
}
@article{LagrangeInterpol,
    author  = {Waring Edward},
    year    = {1779},
    title   = {VII. Problems concerning interpolations},
    journal = {Phil. Trans. R. Soc.},
    volume  = {69},
    pages   = {59–67},
    doi     = {http://doi.org/10.1098/rstl.1779.0008}
}
@book{suli2003introduction,
    title     = {An Introduction to Numerical Analysis},
    author    = {S{\"u}li, E. and Mayers, D.F.},
    isbn      = {9780521007948},
    lccn      = {2003273860},
    series    = {An Introduction to Numerical Analysis},
    url       = {https://books.google.it/books?id=hj9weaqJTbQC},
    year      = {2003},
    publisher = {Cambridge University Press}
}
@article{Bertone:2017gds,
    author        = {Bertone, Valerio},
    editor        = {Klein, Uta},
    title         = {{APFEL++: A new PDF evolution library in C++}},
    eprint        = {1708.00911},
    archiveprefix = {arXiv},
    primaryclass  = {hep-ph},
    doi           = {10.22323/1.297.0201},
    journal       = {PoS},
    volume        = {DIS2017},
    pages         = {201},
    year          = {2018}
}
@article{Bertone:2016lga,
    author        = {Bertone, Valerio and Carrazza, Stefano and Hartland, Nathan P.},
    title         = {{APFELgrid: a high performance tool for parton density determinations}},
    eprint        = {1605.02070},
    archiveprefix = {arXiv},
    primaryclass  = {hep-ph},
    reportnumber  = {CERN-TH-2016-103},
    doi           = {10.1016/j.cpc.2016.10.006},
    journal       = {Comput. Phys. Commun.},
    volume        = {212},
    pages         = {205--209},
    year          = {2017}
}
@article{2020SciPy-NMeth,
    author  = {Virtanen, Pauli and Gommers, Ralf and Oliphant, Travis E. and
        Haberland, Matt and Reddy, Tyler and Cournapeau, David and
            Burovski, Evgeni and Peterson, Pearu and Weckesser, Warren and
            Bright, Jonathan and {van der Walt}, St{\'e}fan J. and
            Brett, Matthew and Wilson, Joshua and Millman, K. Jarrod and
            Mayorov, Nikolay and Nelson, Andrew R. J. and Jones, Eric and
            Kern, Robert and Larson, Eric and Carey, C J and
            Polat, {\.I}lhan and Feng, Yu and Moore, Eric W. and
            {VanderPlas}, Jake and Laxalde, Denis and Perktold, Josef and
        Cimrman, Robert and Henriksen, Ian and Quintero, E. A. and
            Harris, Charles R. and Archibald, Anne M. and
            Ribeiro, Ant{\^o}nio H. and Pedregosa, Fabian and
            {van Mulbregt}, Paul and {SciPy 1.0 Contributors}},
    title   = {{{SciPy} 1.0: Fundamental Algorithms for Scientific
        Computing in Python}},
    journal = {Nature Methods},
    year    = {2020},
    volume  = {17},
    pages   = {261--272},
    adsurl  = {https://rdcu.be/b08Wh},
    doi     = {10.1038/s41592-019-0686-2}
}
@inproceedings{numba,
    author    = {Lam, Siu Kwan and Pitrou, Antoine and Seibert, Stanley},
    title     = {Numba: A LLVM-Based Python JIT Compiler},
    year      = {2015},
    isbn      = {9781450340052},
    publisher = {Association for Computing Machinery},
    address   = {New York, NY, USA},
    url       = {https://doi.org/10.1145/2833157.2833162},
    doi       = {10.1145/2833157.2833162},
    abstract  = {Dynamic, interpreted languages, like Python, are attractive for domain-experts and scientists experimenting with new ideas. However, the performance of the interpreter is often a barrier when scaling to larger data sets. This paper presents a just-in-time compiler for Python that focuses in scientific and array-oriented computing. Starting with the simple syntax of Python, Numba compiles a subset of the language into efficient machine code that is comparable in performance to a traditional compiled language. In addition, we share our experience in building a JIT compiler using LLVM[1].},
    booktitle = {Proceedings of the Second Workshop on the LLVM Compiler Infrastructure in HPC},
    articleno = {7},
    numpages  = {6},
    keywords  = {LLVM, compiler, Python},
    location  = {Austin, Texas},
    series    = {LLVM '15}
}
