@unpublished{petrillo2022,
    title = 	 {Bayesian Parton Distribution Functions fit with Gaussian processes},
    author =       {Petrillo, Giacomo},
    location = 	 {Third meeting of the Bayesian Analysis Conspiracy Heretics (BACH)},
    year = 	 {2022},
    note = {Unpublished report},
    url = {https://www.giacomopetrillo.com/scuola/gppdf.pdf},
}

@article{DelDebbio:2021whr,
    author = "Del Debbio, Luigi and Giani, Tommaso and Wilson, Michael",
    title = "{Bayesian approach to inverse problems: an application to NNPDF closure testing}",
    eprint = "2111.05787",
    archivePrefix = "arXiv",
    primaryClass = "hep-ph",
    doi = "10.1140/epjc/s10052-022-10297-x",
    journal = "Eur. Phys. J. C",
    volume = "82",
    number = "4",
    pages = "330",
    year = "2022"
}

