@article{Duhr:2021mfd,
    author = "Duhr, Claude and Huss, Alexander and Mazeliauskas, Aleksas and Szafron, Robert",
    title = "{An analysis of Bayesian estimates for missing higher orders in perturbative calculations}",
    eprint = "2106.04585",
    archivePrefix = "arXiv",
    primaryClass = "hep-ph",
    reportNumber = "CERN-TH-2021-058",
    doi = "10.1007/JHEP09(2021)122",
    journal = "JHEP",
    volume = "09",
    pages = "122",
    year = "2021"
}

@article{Bonvini:2020xeo,
    author = "Bonvini, Marco",
    title = "{Probabilistic definition of the perturbative theoretical uncertainty from missing higher orders}",
    eprint = "2006.16293",
    archivePrefix = "arXiv",
    primaryClass = "hep-ph",
    doi = "10.1140/epjc/s10052-020-08545-z",
    journal = "Eur. Phys. J. C",
    volume = "80",
    number = "10",
    pages = "989",
    year = "2020"
}

@article{Kassabov:2022orn,
    author = "Kassabov, Zahari and Ubiali, Maria and Voisey, Cameron",
    title = "{Parton distributions with scale uncertainties: a MonteCarlo sampling approach}",
    eprint = "2207.07616",
    archivePrefix = "arXiv",
    primaryClass = "hep-ph",
    month = "7",
    year = "2022"
}

@article{McGowan:2022nag,
    author = "McGowan, J. and Cridge, T. and Harland-Lang, L. A. and Thorne, R. S.",
    title = "{Approximate N$^{3}$LO Parton Distribution Functions with Theoretical Uncertainties: MSHT20aN$^3$LO PDFs}",
    eprint = "2207.04739",
    archivePrefix = "arXiv",
    primaryClass = "hep-ph",
    month = "7",
    year = "2022"
}
