@article{Amoroso:2022eow,
    author = "Amoroso, S. and others",
    title = "{Snowmass 2021 whitepaper: Proton structure at the precision frontier}",
    eprint = "2203.13923",
    archivePrefix = "arXiv",
    primaryClass = "hep-ph",
    reportNumber = "Edinburgh 2022/08, FERMILAB-PUB-22-222-QIS-SCD-T, MPP-2022-32,
    SLAC-PUB-17652, SMU-HEP-22-02, TIF-UNIMI-2022-6",
    month = "3",
    year = "2022"
}
@article{Anastasiou:2003ds,
    author = "Anastasiou, Charalampos and Dixon, Lance J. and Melnikov, Kirill and Petriello, Frank",
    title = "{High precision QCD at hadron colliders: Electroweak gauge boson rapidity distributions at NNLO}",
    eprint = "hep-ph/0312266",
    archivePrefix = "arXiv",
    reportNumber = "SLAC-PUB-10288, UH-511-1042-03",
    doi = "10.1103/PhysRevD.69.094008",
    journal = "Phys. Rev. D",
    volume = "69",
    pages = "094008",
    year = "2004"
}
@article{Ball:2022qtp,
    author = "Ball, Richard D. and Candido, Alessandro and Forte, Stefano and Hekhorn, Felix and Nocera, Emanuele R. and Rojo, Juan and Schwan, Christopher",
    title = "{Parton Distributions and New Physics Searches: the Drell-Yan Forward-Backward Asymmetry as a Case Study}",
    eprint = "2209.08115",
    archivePrefix = "arXiv",
    primaryClass = "hep-ph",
    reportNumber = "Edinburgh 2022/14, Nikhef-2022-013, TIF-UNIMI-2022-13",
    month = "9",
    year = "2022"
}
@article{Britzger:2022lbf,
    author = "Britzger, D. and others",
    title = "{NNLO interpolation grids for jet production at the LHC}",
    eprint = "2207.13735",
    archivePrefix = "arXiv",
    primaryClass = "hep-ph",
    reportNumber = "CERN-TH-2022-125, IPPP/22/53, MPP-2022-80, ZU-TH 34/22",
    month = "7",
    year = "2022"
}
@unpublished{APFELcomb,
    author = "Bertone, Valerio and Carrazza, Stefano and Hartland, Nathan",
    title  = "\url{https://github.com/NNPDF/apfelcomb}",
    note   = "Generates FK tables for NNPDF fits."
}
@article{Candido:2022tld,
    author = "Candido, Alessandro and Hekhorn, Felix and Magni, Giacomo",
    title = "{EKO: Evolution Kernel Operators}",
    eprint = "2202.02338",
    archivePrefix = "arXiv",
    primaryClass = "hep-ph",
    reportNumber = "TIF-UNIMI-2022-2, Nikhef-2022-003",
    month = "2",
    year = "2022"
}
@article{Frederix:2018nkq,
    author = "Frederix, R. and Frixione, S. and Hirschi, V. and Pagani, D. and Shao, H. -S. and Zaro, M.",
    title = "{The automation of next-to-leading order electroweak calculations}",
    eprint = "1804.10017",
    archivePrefix = "arXiv",
    primaryClass = "hep-ph",
    reportNumber = "Nikhef/2018-015, TUM-HEP-1138/18, NIKHEF-2018-015, TUM-HEP-1138-18",
    doi = "10.1007/JHEP07(2018)185",
    journal = "JHEP",
    volume = "07",
    pages = "185",
    year = "2018"
}
@article{Grazzini:2017mhc,
    author = "Grazzini, Massimiliano and Kallweit, Stefan and Wiesemann, Marius",
    title = "{Fully differential NNLO computations with MATRIX}",
    eprint = "1711.06631",
    archivePrefix = "arXiv",
    primaryClass = "hep-ph",
    reportNumber = "ZU-TH-30-17, CERN-TH-2017-232, ZU-TH 30/17",
    doi = "10.1140/epjc/s10052-018-5771-7",
    journal = "Eur. Phys. J. C",
    volume = "78",
    number = "7",
    pages = "537",
    year = "2018"
}
@inproceedings{Salam:2008sz,
    author = "Salam, Gavin and Rojo, Juan",
    title = "{The HOPPET NNLO parton evolution package}",
    booktitle = "{16th International Workshop on Deep Inelastic Scattering and Related Subjects}",
    eprint = "0807.0198",
    archivePrefix = "arXiv",
    primaryClass = "hep-ph",
    doi = "10.3360/dis.2008.42",
    pages = "42",
    month = "7",
    year = "2008"
}
@software{candido_alessandro_2022_6285149,
    author       = {Candido, Alessandro and Hekhorn, Felix and Magni, Giacomo},
    title        = {N3PDF/yadism: FONLL-B},
    month        = feb,
    year         = 2022,
    publisher    = {Zenodo},
    version      = {v0.11.0},
    doi          = {10.5281/zenodo.6285149},
    url          = {https://doi.org/10.5281/zenodo.6285149}
}
@software{christopher_schwan_2022_7145377,
    author       = {Christopher Schwan and Alessandro Candido and Felix Hekhorn and Stefano Carrazza},
    title        = {NNPDF/pineappl: v0.5.7},
    month        = oct,
    year         = 2022,
    publisher    = {Zenodo},
    version      = {v0.5.7},
    doi          = {10.5281/zenodo.7145377},
    url          = {https://doi.org/10.5281/zenodo.7145377}
}
@article{NNPDF:2019ubu,
    author = "Abdul Khalek, Rabah and others",
    collaboration = "NNPDF",
    title = "{Parton Distributions with Theory Uncertainties: General Formalism and First Phenomenological Studies}",
    eprint = "1906.10698",
    archivePrefix = "arXiv",
    primaryClass = "hep-ph",
    reportNumber = "Edinburgh 2019/9, Nikhef/2019-014, TIF-UNIMI-2019-9 DAMTP-2019-24,
    CAVENDISH-HEP-19-11",
    doi = "10.1140/epjc/s10052-019-7401-4",
    journal = "Eur. Phys. J. C",
    volume = "79",
    number = "11",
    pages = "931",
    year = "2019"
}
