@article{Faura:2020oom,
    author = "Faura, Ferran and Iranipour, Shayan and Nocera, Emanuele R. and Rojo, Juan and Ubiali, Maria",
    title = "{The Strangest Proton?}",
    eprint = "2009.00014",
    archivePrefix = "arXiv",
    primaryClass = "hep-ph",
    month = "8",
    year = "2020"
}
@book{Collins:2011zzd,
    author = "Collins, John",
    title = "{Foundations of perturbative QCD}",
    isbn = "978-1-107-64525-7, 978-1-107-64525-7, 978-0-521-85533-4, 978-1-139-09782-6",
    publisher = "Cambridge University Press",
    volume = "32",
    month = "11",
    year = "2013"
}
@article{Catani:1989ne,
      author         = "Catani, S. and Trentadue, L.",
      title          = "{Resummation of the QCD Perturbative Series for Hard
                        Processes}",
      journal        = "Nucl. Phys.",
      volume         = "B327",
      year           = "1989",
      pages          = "323-352",
      doi            = "10.1016/0550-3213(89)90273-3",
      reportNumber   = "DFF-93/3/89",
      SLACcitation   = "%%CITATION = NUPHA,B327,323;%%"
}
@article{Forte:2010ta,
    author = "Forte, Stefano and Laenen, Eric and Nason, Paolo and Rojo, Juan",
    title = "{Heavy quarks in deep-inelastic scattering}",
    eprint = "1001.2312",
    archivePrefix = "arXiv",
    primaryClass = "hep-ph",
    reportNumber = "IFUM-949-FT, NIKHEF-2010-001, ITP-UU-10-03, ITFA-2010-01",
    doi = "10.1016/j.nuclphysb.2010.03.014",
    journal = "Nucl. Phys. B",
    volume = "834",
    pages = "116--162",
    year = "2010"
}
@article{Aivazis:1993pi,
    author = "Aivazis, M.A.G. and Collins, John C. and Olness, Fredrick I. and Tung, Wu-Ki",
    title = "{Leptoproduction of heavy quarks. 2. A Unified QCD formulation of charged and neutral current processes from fixed target to collider energies}",
    eprint = "hep-ph/9312319",
    archivePrefix = "arXiv",
    reportNumber = "SMU-HEP-93-17, MSUHEP-93-17, PSU-TH-138",
    doi = "10.1103/PhysRevD.50.3102",
    journal = "Phys. Rev. D",
    volume = "50",
    pages = "3102--3118",
    year = "1994"
}
@article{Ball:2016neh,
    author = "Ball, Richard D. and Bertone, Valerio and Bonvini, Marco and Carrazza, Stefano and Forte, Stefano and Guffanti, Alberto and Hartland, Nathan P. and Rojo, Juan and Rottoli, Luca",
    collaboration = "NNPDF",
    title = "{A Determination of the Charm Content of the Proton}",
    eprint = "1605.06515",
    archivePrefix = "arXiv",
    primaryClass = "hep-ph",
    reportNumber = "EDINBURGH-2016-06, CERN-TH-2016-087, OUTP-16-03P, TIF-UNIMI-2016-3",
    doi = "10.1140/epjc/s10052-016-4469-y",
    journal = "Eur. Phys. J. C",
    volume = "76",
    number = "11",
    pages = "647",
    year = "2016"
}


@article{Buza:1996wv,
    author = "Buza, M. and Matiounine, Y. and Smith, J. and van Neerven, W.L.",
    title = "{Charm electroproduction viewed in the variable flavor number scheme versus fixed order perturbation theory}",
    eprint = "hep-ph/9612398",
    archivePrefix = "arXiv",
    reportNumber = "NIKHEF-96-027, ITP-SB-96-66, DESY-96-258, INLO-PUB-22-96",
    doi = "10.1007/BF01245820",
    journal = "Eur. Phys. J. C",
    volume = "1",
    pages = "301--320",
    year = "1998"
}

@article{Ball:2015dpa,
    author = "Ball, Richard D. and Bonvini, Marco and Rottoli, Luca",
    title = "{Charm in Deep-Inelastic Scattering}",
    eprint = "1510.02491",
    archivePrefix = "arXiv",
    primaryClass = "hep-ph",
    reportNumber = "EDINBURGH-2015-06, CERN-PH-TH-2015-118, OUTP-15-25P",
    doi = "10.1007/JHEP11(2015)122",
    journal = "JHEP",
    volume = "11",
    pages = "122",
    year = "2015"
}

@article{Ball:2015tna,
    author = "Ball, Richard D. and Bertone, Valerio and Bonvini, Marco and Forte, Stefano and Groth Merrild, Patrick and Rojo, Juan and Rottoli, Luca",
    title = "{Intrinsic charm in a matched general-mass scheme}",
    eprint = "1510.00009",
    archivePrefix = "arXiv",
    primaryClass = "hep-ph",
    reportNumber = "EDINBURGH-2015-06, TIF-UNIMI-2015-11, EDINBURGH-2015-14, CERN-PH-TH-2015-176, OUTP-15-20P",
    doi = "10.1016/j.physletb.2015.12.077",
    journal = "Phys. Lett. B",
    volume = "754",
    pages = "49--58",
    year = "2016"
}

@article{Diemoz:1987xu,
    author = "Diemoz, M. and Ferroni, F. and Longo, E. and Martinelli, G.",
    doi = "10.1007/BF01560387",
    journal = "Z.\ Phys.\ C",
    pages = "21",
    reportNumber = "CERN-TH-4751/87",
    title = "{Parton Densities from Deep Inelastic Scattering to Hadronic Processes at Super Collider Energies}",
    volume = "39",
    year = "1988"
}


@article{Catani:1995ze,
    author = "Catani, Stefano",
    archivePrefix = "arXiv",
    doi = "10.1007/s002880050104",
    eprint = "hep-ph/9506357",
    journal = "Z.\ Phys.\ C",
    pages = "263--272",
    reportNumber = "DFF-226-5-95",
    title = "{Comment on quarks and gluons at small x and the SDIS factorization scheme}",
    volume = "70",
    year = "1996"
}


@article{Sterman:1986aj,
      author         = "Sterman, George F.",
      title          = "{Summation of Large Corrections to Short Distance
                        Hadronic Cross-Sections}",
      journal        = "Nucl. Phys.",
      volume         = "B281",
      year           = "1987",
      pages          = "310-364",
      doi            = "10.1016/0550-3213(87)90258-6",
      reportNumber   = "Print-86-0873 (IAS,PRINCETON)",
      SLACcitation   = "%%CITATION = NUPHA,B281,310;%%"
}
@article{Albino:2000cp,
      author         = "Albino, Simon and Ball, Richard D.",
      title          = "{Soft resummation of quark anomalous dimensions and
                        coefficient functions in MS-bar factorization}",
      journal        = "Phys. Lett.",
      volume         = "B513",
      year           = "2001",
      pages          = "93-102",
      doi            = "10.1016/S0370-2693(01)00742-0",
      eprint         = "hep-ph/0011133",
      archivePrefix  = "arXiv",
      primaryClass   = "hep-ph",
      reportNumber   = "CERN-TH-2000-332, EDINBURGH-2000-23",
      SLACcitation   = "%%CITATION = HEP-PH/0011133;%%"
}

@article{Forte:2002ni,
      author         = "Forte, Stefano and Ridolfi, Giovanni",
      title          = "{Renormalization group approach to soft gluon
                        resummation}",
      journal        = "Nucl. Phys.",
      volume         = "B650",
      year           = "2003",
      pages          = "229-270",
      doi            = "10.1016/S0550-3213(02)01034-9",
      eprint         = "hep-ph/0209154",
      archivePrefix  = "arXiv",
      primaryClass   = "hep-ph",
      reportNumber   = "RM3-TH-02-02, GEF-TH-11-02",
      SLACcitation   = "%%CITATION = HEP-PH/0209154;%%"
}
@article{Curci:1980uw,
      author         = "Curci, G. and Furmanski, W. and Petronzio, R.",
      title          = "{Evolution of Parton Densities Beyond Leading Order: The
                        Nonsinglet Case}",
      journal        = "Nucl. Phys.",
      volume         = "B175",
      year           = "1980",
      pages          = "27-92",
      doi            = "10.1016/0550-3213(80)90003-6",
      reportNumber   = "CERN-TH-2815",
      SLACcitation   = "%%CITATION = NUPHA,B175,27;%%"
}
@article{Bonvini:2012an,
      author         = "Bonvini, Marco and Forte, Stefano and Ridolfi, Giovanni",
      title          = "{The Threshold region for Higgs production in gluon
                        fusion}",
      journal        = "Phys. Rev. Lett.",
      volume         = "109",
      year           = "2012",
      pages          = "102002",
      doi            = "10.1103/PhysRevLett.109.102002",
      eprint         = "1204.5473",
      archivePrefix  = "arXiv",
      primaryClass   = "hep-ph",
      reportNumber   = "DESY-12-057, IFUM-994-FT",
      SLACcitation   = "%%CITATION = ARXIV:1204.5473;%%"
}



@article{Collins:1981uw,
      author         = "Collins, John C. and Soper, Davison E.",
      title          = "{Parton Distribution and Decay Functions}",
      journal        = "Nucl. Phys.",
      volume         = "B194",
      year           = "1982",
      pages          = "445-492",
      doi            = "10.1016/0550-3213(82)90021-9",
      reportNumber   = "OITS-166",
      SLACcitation   = "%%CITATION = NUPHA,B194,445;%%"
}
@article{Altarelli:1998gn,
      author         = "Altarelli, Guido and Forte, Stefano and Ridolfi,
                        Giovanni",
      title          = "{On positivity of parton distributions}",
      journal        = "Nucl. Phys.",
      volume         = "B534",
      year           = "1998",
      pages          = "277-296",
      doi            = "10.1016/S0550-3213(98)00661-0",
      eprint         = "hep-ph/9806345",
      archivePrefix  = "arXiv",
      primaryClass   = "hep-ph",
      reportNumber   = "CERN-TH-98-156, DFTT-28-98, GEF-TH-6-98",
      SLACcitation   = "%%CITATION = HEP-PH/9806345;%%"
}
@article{Ball:2008by,
      author         = "Ball, Richard D. and Del Debbio, Luigi and Forte, Stefano
                        and Guffanti, Alberto and Latorre, Jose I. and Piccione,
                        Andrea and Rojo, Juan and Ubiali, Maria",
      title          = "{A Determination of parton distributions with faithful
                        uncertainty estimation}",
      collaboration  = "NNPDF",
      journal        = "Nucl. Phys.",
      volume         = "B809",
      year           = "2009",
      pages          = "1-63",
      doi            = "10.1016/j.nuclphysb.2008.09.037,
                        10.1016/j.nuclphysb.2009.02.027",
      note           = "[Erratum: Nucl. Phys.B816,293(2009)]",
      eprint         = "0808.1231",
      archivePrefix  = "arXiv",
      primaryClass   = "hep-ph",
      reportNumber   = "EDINBURGH-2008-25, IFUM-923-FT, FREIBURG-2008-08",
      SLACcitation   = "%%CITATION = ARXIV:0808.1231;%%"
}
@article{Ball:2017nwa,
      author         = "Ball, Richard D. and others",
      title          = "{Parton distributions from high-precision collider data}",
      collaboration  = "NNPDF",
      journal        = "Eur. Phys. J.",
      volume         = "C77",
      year           = "2017",
      number         = "10",
      pages          = "663",
      doi            = "10.1140/epjc/s10052-017-5199-5",
      eprint         = "1706.00428",
      archivePrefix  = "arXiv",
      primaryClass   = "hep-ph",
      reportNumber   = "CAVENDISH-HEP-17-06, CERN-TH-2017-077, EDINBURGH-2017-08,
                        NIKHEF-2017-006, OUTP-17-04P, TIF-UNIMI-2017-3",
      SLACcitation   = "%%CITATION = ARXIV:1706.00428;%%"
}

@article{Ball:2014uwa,
      author         = "Ball, Richard D. and others",
      title          = "{Parton distributions for the LHC Run II}",
      collaboration  = "NNPDF",
      journal        = "JHEP",
      volume         = "04",
      year           = "2015",
      pages          = "040",
      doi            = "10.1007/JHEP04(2015)040",
      eprint         = "1410.8849",
      archivePrefix  = "arXiv",
      primaryClass   = "hep-ph",
      reportNumber   = "EDINBURGH-2014-15, IFUM-1034-FT, CERN-PH-TH-2013-253,
                        OUTP-14-11P, CAVENDISH-HEP-14-11",
      SLACcitation   = "%%CITATION = ARXIV:1410.8849;%%"
}


@article{Ball:2010de,
      author         = "Ball, Richard D. and Del Debbio, Luigi and Forte, Stefano
                        and Guffanti, Alberto and Latorre, Jose I. and Rojo, Juan
                        and Ubiali, Maria",
      title          = "{A first unbiased global NLO determination of parton
                        distributions and their uncertainties}",
      journal        = "Nucl. Phys.",
      volume         = "B838",
      year           = "2010",
      pages          = "136-206",
      doi            = "10.1016/j.nuclphysb.2010.05.008",
      eprint         = "1002.4407",
      archivePrefix  = "arXiv",
      primaryClass   = "hep-ph",
      reportNumber   = "EDINBURGH-2010-05, IFUM-952-FT, FR-PHENO-2010-014,
                        CP3-10-08",
      SLACcitation   = "%%CITATION = ARXIV:1002.4407;%%"
}
@article{Forte:1998kd,
      author         = "Forte, Stefano and Altarelli, Guido and Ridolfi,
                        Giovanni",
      title          = "{Are parton distributions positive?}",
      booktitle      = "{QCD'98. Proceedings, 3rd Euroconference, 6th Conference,
                        Montpellier, France, July 2-8, 1998}",
      journal        = "Nucl. Phys. Proc. Suppl.",
      volume         = "74",
      year           = "1999",
      pages          = "138-141",
      doi            = "10.1016/S0920-5632(99)00150-4",
      note           = "[,138(1998)]",
      eprint         = "hep-ph/9808462",
      archivePrefix  = "arXiv",
      primaryClass   = "hep-ph",
      reportNumber   = "CERN-TH-98-285, DFTT-55-98",
      SLACcitation   = "%%CITATION = HEP-PH/9808462;%%"
}
@article{Altarelli:1977zs,
      author         = "Altarelli, Guido and Parisi, G.",
      title          = "{Asymptotic Freedom in Parton Language}",
      journal        = "Nucl. Phys.",
      volume         = "B126",
      year           = "1977",
      pages          = "298-318",
      doi            = "10.1016/0550-3213(77)90384-4",
      reportNumber   = "LPTENS-77-6",
      SLACcitation   = "%%CITATION = NUPHA,B126,298;%%"
}
@article{Jadach:2016acv,
      author         = "Jadach, S. and Płaczek, W. and Sapeta, S. and Siodmok,
                        A. and Skrzypek, M.",
      title          = "{Parton distribution functions in Monte Carlo
                        factorisation scheme}",
      journal        = "Eur. Phys. J.",
      volume         = "C76",
      year           = "2016",
      number         = "12",
      pages          = "649",
      doi            = "10.1140/epjc/s10052-016-4508-8",
      eprint         = "1606.00355",
      archivePrefix  = "arXiv",
      primaryClass   = "hep-ph",
      reportNumber   = "IFJPAN-IV-2016-9, CERN-TH-2016-132, MCNET-16-18",
      SLACcitation   = "%%CITATION = ARXIV:1606.00355;%%"
}
@article{Maltoni:2018dar,
      author         = "Maltoni, F.",
      title          = "{Basics of QCD for the LHC: $pp \to H + X$ as a case
                        study}",
      booktitle      = "{Proceedings, 3rd Asia-Europe-Pacific School of
                        High-Energy Physics (AEPSHEP 2016): Beijing, China,
                        October 12-25, 2016}",
      journal        = "CERN Yellow Rep. School Proc.",
      volume         = "2",
      year           = "2018",
      pages          = "41-67",
      doi            = "10.23730/CYRSP-2018-002.41",
      SLACcitation   = "%%CITATION = INSPIRE-1723225;%%"
}
@article{Ellis:1991qj,
      author         = "Ellis, R. Keith and Stirling, W. James and Webber, B. R.",
      title          = "{QCD and collider physics}",
      journal        = "Camb. Monogr. Part. Phys. Nucl. Phys. Cosmol.",
      volume         = "8",
      year           = "1996",
      pages          = "1-435",
      SLACcitation   = "%%CITATION = CMPCE,8,1;%%"
}
@phdthesis{Hekhorn:2019nlf,
      author         = "Hekhorn, Felix",
      title          = "{Next-to-Leading Order QCD Corrections to Heavy-Flavour
                        Production in Neutral Current DIS}",
      school         = "Tubingen U., Math. Inst.",
      year           = "2019",
      doi            = "10.15496/publikation-34811",
      eprint         = "1910.01536",
      archivePrefix  = "arXiv",
      primaryClass   = "hep-ph",
      SLACcitation   = "%%CITATION = ARXIV:1910.01536;%%"
}
@misc{jadprivate,
    author="Jadach, S.",
    title="private communications",
    year="2020"
}
