@software{candido_alessandro_2022_6340153,
    author       = {Candido, Alessandro and
        Hekhorn, Felix and
            Magni, Giacomo},
    title        = {N3PDF/eko: Paper},
    month        = mar,
    year         = 2022,
    publisher    = {Zenodo},
    version      = {v0.8.5},
    doi          = {10.5281/zenodo.6340153},
    url          = {https://doi.org/10.5281/zenodo.6340153}
}
@software{candido_alessandro_2022_6285149,
    author       = {Candido, Alessandro and
        Hekhorn, Felix and
            Magni, Giacomo},
    title        = {N3PDF/yadism: FONLL-B},
    month        = feb,
    year         = 2022,
    publisher    = {Zenodo},
    version      = {v0.11.0},
    doi          = {10.5281/zenodo.6285149},
    url          = {https://doi.org/10.5281/zenodo.6285149}
}
@software{christopher_schwan_2022_7023438,
    author       = {Christopher Schwan and
        Alessandro Candido and
            Felix Hekhorn and
            Stefano Carrazza},
    title        = {N3PDF/pineappl: v0.5.5},
    month        = aug,
    year         = 2022,
    publisher    = {Zenodo},
    version      = {v0.5.5},
    doi          = {10.5281/zenodo.7023438},
    url          = {https://doi.org/10.5281/zenodo.7023438}
}
@software{andrea_barontini_2022_7093030,
    author       = {Andrea Barontini and
        Felix Hekhorn and
            Alessandro Candido and
            Christopher Schwan and
            Stefano Carrazza and
            Juan M. Cruz-Martinez},
    title        = {N3PDF/pineko: Zenodo},
    month        = sep,
    year         = 2022,
    publisher    = {Zenodo},
    version      = {v0.2.2},
    doi          = {10.5281/zenodo.7093030},
    url          = {https://doi.org/10.5281/zenodo.7093030}
}
@software{christopher_schwan_2022_7093057,
    author       = {Christopher Schwan and
        Alessandro Candido and
            marcozaro and
            Juan M. Cruz-Martinez and
            Felix Hekhorn and
            Stefano Carrazza and
            Emanuele R. Nocera},
    title        = {NNPDF/runcards: Zenodo},
    month        = sep,
    year         = 2022,
    publisher    = {Zenodo},
    version      = {v0.1.3},
    doi          = {10.5281/zenodo.7093057},
    url          = {https://doi.org/10.5281/zenodo.7093057}
}
