@article{Ball:2022qks,
    author = "Ball, Richard D. and Candido, Alessandro and Cruz-Martinez, Juan and Forte, Stefano and Giani, Tommaso and Hekhorn, Felix and Kudashkin, Kirill and Magni, Giacomo and Rojo, Juan",
    collaboration = "NNPDF",
    title = "{Evidence for intrinsic charm quarks in the proton}",
    eprint = "2208.08372",
    archivePrefix = "arXiv",
    primaryClass = "hep-ph",
    reportNumber = "Nikhef 2021-032, Edinburgh 2021/28, TIF-UNIMI-2021-21",
    doi = "10.1038/s41586-022-04998-2",
    journal = "Nature",
    volume = "608",
    number = "7923",
    pages = "483--487",
    year = "2022"
}
@article{Amoroso:2022eow,
    author = "Amoroso, S. and others",
    title = "{Snowmass 2021 whitepaper: Proton structure at the precision frontier}",
    eprint = "2203.13923",
    archivePrefix = "arXiv",
    primaryClass = "hep-ph",
    reportNumber = "Edinburgh 2022/08, FERMILAB-PUB-22-222-QIS-SCD-T, MPP-2022-32,
    SLAC-PUB-17652, SMU-HEP-22-02, TIF-UNIMI-2022-6",
    month = "3",
    year = "2022"
}
@article{Candido:2022tld,
    author = "Candido, Alessandro and Hekhorn, Felix and Magni, Giacomo",
    title = "{EKO: Evolution Kernel Operators}",
    eprint = "2202.02338",
    archivePrefix = "arXiv",
    primaryClass = "hep-ph",
    reportNumber = "TIF-UNIMI-2022-2, Nikhef-2022-003",
    month = "2",
    year = "2022"
}
@article{Candido:2021zcp,
    author = "Candido, Alessandro and Forte, Stefano and Hekhorn, Felix",
    title = "{Can $\overline{MS}$ parton distributions be negative?}",
    eprint = "2108.10774",
    archivePrefix = "arXiv",
    primaryClass = "hep-ph",
    doi = "10.21468/SciPostPhysProc.8.077",
    journal = "SciPost Phys. Proc.",
    volume = "8",
    pages = "077",
    year = "2022"
}
@article{Carrazza:2020gss,
    author = "Carrazza, S. and Nocera, E. R. and Schwan, C. and Zaro, M.",
    title = "{PineAPPL: combining EW and QCD corrections for fast evaluation of LHC processes}",
    eprint = "2008.12789",
    archivePrefix = "arXiv",
    primaryClass = "hep-ph",
    doi = "10.1007/JHEP12(2020)108",
    journal = "JHEP",
    volume = "12",
    pages = "108",
    year = "2020"
}
@article{Candido:2020yat,
    author = "Candido, Alessandro and Forte, Stefano and Hekhorn, Felix",
    title = "{Can $ \overline{\mathrm{MS}} $ parton distributions be negative?}",
    eprint = "2006.07377",
    archivePrefix = "arXiv",
    primaryClass = "hep-ph",
    reportNumber = "TIF-UNIMI-2020-9",
    doi = "10.1007/JHEP11(2020)129",
    journal = "JHEP",
    volume = "11",
    pages = "129",
    year = "2020"
}
